
@article{Patterson:19:ZTFAlertDistribution,
	author = {{Patterson}, M.~T. and {Bellm}, E.~C. and {Rusholme}, B. and {Masci}, F.~J. and {Juric}, M. and {Krughoff}, K.~S. and {Golkhou}, V.~Z. and {Graham}, M.~J. and {Kulkarni}, S.~R. and {Helou}, G. and {Zwicky Transient Facility Collaboration}},
	journal = {\pasp},
	month = jan,
	number = 1,
	pages = {018001},
	title = {{The Zwicky Transient Facility Alert Distribution System}},
	volume = 131,
	year = 2019}
